@article{chen,
  author  = {P. Chen and J. Lee and J. Neidert},
  title   = {Foreign Accent Classification},
  journal = {Stanford CS229},
  year    = {2011},
  url     = {http://cs229.stanford.edu/proj2011/ChenLeeNeidert-ForeignAccentClassification.pdf}
}

@article{ahmed,
  author  = {A. Ahmed and P. Tangri and A. Panda and D. Ramani and S. Nevronas},
  title   = {VFNet: A Convolutional Architecture for Accent Classification},
  journal = {arXiv},
  volume  = {1910.06697},
  year    = {2019},
  url     = {https://arxiv.org/pdf/1910.06697.pdf}
}

@article{shih,
  author  = {C. Shih},
  title   = {Speech Accent Classification},
  journal = {Stanford CS229},
  year    = {2017},
  url     = {http://cs229.stanford.edu/proj2017/final-reports/5238301.pdf}
}

@article{sheng,
  author  = {L. Sheng and M. Edmund},
  title   = {Deep Learning Approach to Accent Classification},
  journal = {Stanford CS229},
  year    = {2017},
  url     = {http://cs229.stanford.edu/proj2017/final-reports/5244230.pdf}
}

@article{olah,
  author    = {C. Olah},
  title     = {Understanding LSTM Networks},
  journal   = {colah's blog},
  year      = {2015},
  url       = {https://colah.github.io/posts/2015-08-Understanding-LSTMs/}
}

@article{attention,
  author          = {S. Sohail},
  title           = {A Survey of Visual Attention Mechanisms in Deep Learning},
  journal         = {Medium},
  year            = {2019},
  url             = {https://shairozsohail.medium.com/a-survey-of-visual-attention-mechanisms-in-deep-learning-1043eb25f343}
}

@article{github,
  author          = {S. Wang},
  title           = {Accent Classifier},
  journal         = {Github},
  year            = {2021},
  url             = {https://github.com/siweiwang24/accent-classifier.git},
}
